@inbook{inbook,
author = {Yang, Yu-Ting and Zhang, Yan-Ming and Yun, Xiao-Long and Yin, Fei and Liu, Cheng-Lin},
year = {2022},
month = {05},
pages = {174-188},
title = {CASIA-onDo: A New Database for Online Handwritten Document Analysis},
isbn = {978-3-031-02443-6},
doi = {10.1007/978-3-031-02444-3_13}
}

@inproceedings{inproceedings,
author = {Inderm√ºhle, Emanuel and Liwicki, Marcus and Bunke, Horst},
year = {2010},
month = {06},
pages = {97-104},
title = {IAMonDo-database: An online handwritten document database with non-uniform contents},
journal = {ACM International Conference Proceeding Series},
doi = {10.1145/1815330.1815343}
}

@article{article,
author = {AlHamad, Husam and Shehab, Mohammad and Shambour, Moh'D Khaled and Abu-Hashem, Muhannad and Abuthawabeh, Ala and Al-Aqrabi, Hussain and Daoud, Mohammad and Shannag, Fatima},
year = {2024},
month = {06},
pages = {},
title = {Handwritten Recognition Techniques: A Comprehensive Review},
volume = {16},
journal = {Symmetry},
doi = {10.3390/sym16060681}
}

@inproceedings{NIPS2008_66368270,
 author = {Graves, Alex and Schmidhuber, J\"{u}rgen},
 booktitle = {Advances in Neural Information Processing Systems},
 editor = {D. Koller and D. Schuurmans and Y. Bengio and L. Bottou},
 pages = {},
 publisher = {Curran Associates, Inc.},
 title = {Offline Handwriting Recognition with Multidimensional Recurrent Neural Networks},
 url = {https://proceedings.neurips.cc/paper_files/paper/2008/file/66368270ffd51418ec58bd793f2d9b1b-Paper.pdf},
 volume = {21},
 year = {2008}
}

@INPROCEEDINGS{8978003,
  author={Ye, Jun-Yu and Zhang, Yan-Ming and Yang, Qing and Liu, Cheng-Lin},
  booktitle={2019 International Conference on Document Analysis and Recognition (ICDAR)}, 
  title={Contextual Stroke Classification in Online Handwritten Documents with Graph Attention Networks}, 
  year={2019},
  volume={},
  number={},
  pages={993-998},
  keywords={Feature extraction;Task analysis;Training;Recurrent neural networks;Message passing;Standards;Convolution;online handwritten document, stroke classification, graph attention networks, structured prediction},
  doi={10.1109/ICDAR.2019.00163}
}
